@PhdThesis{Fruehe2010,
  author  = {Georg Frühe},
  school  = {Technische Universität München},
  title   = {Überlagerung von Grundlösungen in der Elastodynamik zur Behandlung der dynamischen Tunnel-Boden-Bauwerk-Interaktion},
  year    = {2010},
  journal = {Dissertation},
}

@PhdThesis{Hackenberg2016,
  author  = {Manuela Hackenberg},
  school  = {Technische Universität München},
  title   = {A Coupled Integral Transform Method - Finite Element Method Approach to Model the Soil-Structure-Interaction},
  year    = {2016},
  journal = {Dissertation},
}

@Bachelier{Lame1852,
  author = {Gabriel Lamé},
  title  = {Leçons sur la théorie mathematique et l’elasticité des corps solides},
  year   = {1852},
}

@Book{Haupt1986,
  author    = {Wolfgang Haupt},
  publisher = {Vieweg & Sohn},
  title     = {Bodendynamik},
  year      = {1986},
  address   = {Braunschweig/Wiesbaden},
}

@PhdThesis{Mueller2007,
  author = {Kai M{\"u}ller},
  school = {Technische Universität München},
  title  = {Dreidimensionale dynamische Tunnel-Halbraum-Interaktion},
  year   = {2007},
}

@Article{Long1967,
  author    = {Long, CF},
  journal   = {Acta mechanica},
  title     = {On the completeness of theLam{\'e} potentials},
  year      = {1967},
  number    = {4},
  pages     = {371--375},
  volume    = {3},
  publisher = {Springer},
}

@Book{Klein2003,
  author    = {Bernd Klein},
  publisher = {Vieweg+Teubner Verlag Wiesbaden},
  title     = {FEM: Grundlagen und Anwendungen der Finite-Elemente-Methode},
  year      = {2003},
  address   = {Wiesbaden},
  volume    = {5},
}

@Article{Freisinger_Hackenberg2020,
  author  = {Freisinger, J. and Hackenberg, M. and Müller, G.},
  journal = {Journal of Sound and Vibration},
  title   = {A coupled Integral Transform Method - Finite Element Method approach to model the Soil Structure Interaction of finite (3D) and length invariant (2.5D) systems},
  year    = {2020},
  pages   = {115443},
  doi     = {10.1016/j.jsv.2020.115443},
}

@InCollection{Zienkiewicz2013,
  author    = {O.C. Zienkiewicz and R.L. Taylor and J.Z. Zhu},
  booktitle = {The Finite Element Method: its Basis and Fundamentals (Seventh Edition)},
  publisher = {Butterworth-Heinemann},
  title     = {Chapter 6 - Shape Functions, Derivatives, and Integration},
  year      = {2013},
  address   = {Oxford},
  edition   = {Seventh Edition},
  editor    = {O.C. Zienkiewicz and R.L. Taylor and J.Z. Zhu},
  isbn      = {978-1-85617-633-0},
  pages     = {151-209},
  doi       = {https://doi.org/10.1016/B978-1-85617-633-0.00006-X},
  keywords  = {Shape functions, Interpolation, Isoparametric, Mapping, Blending, Quadrature},
  url       = {https://www.sciencedirect.com/science/article/pii/B978185617633000006X},
}

@Article{Sheng2006,
  author    = {Sheng, X and Jones, CJC and Thompson, DJ},
  journal   = {Journal of Sound and Vibration},
  title     = {Prediction of ground vibration from trains using the wavenumber finite and boundary element methods},
  year      = {2006},
  number    = {3-5},
  pages     = {575--586},
  volume    = {293},
  publisher = {Elsevier},
}

@InProceedings{Freisinger_Mueller_2020,
  author    = {Freisinger, J. and Müller, G.},
  booktitle = {EURODYN 2020},
  title     = {Coupled ITM-FEM approach for the assessment of the mitigation efficiency of finite and infinite open trenches and infilled barriers},
  year      = {2020},
  pages     = {2827-2845},
  abstract  = {In order to determine the wave propagation in unbounded media considering the interaction of structures with the soil and thus also their influence on the resulting wave field, an appropriate model is necessary. A efficient approach to account for the infinite extension of the soil by the analytical solutions of the Integral Transform Method (ITM) and for the irregular geometries of the structures by the Finite Element Method (FEM) is presented. The coupled
ITM-FEM approach is applied for the assessment of the mitigation efficiency of infinite open or infilled trenches using a computationally profitable 2.5D approach. For spatially limited trenches a complete three dimensional model is used. Amplitude reduction factor and insertion loss are calculated for different combinations of soil and barrier material. The accuracy of the
method is shown by comparison to analytical solutions and literature results.},
  doi       = {10.47964/1120.9232.19194},
  keywords  = {Soil Dynamics, Soil-Structure-Interaction(SSI), Integral Transform Method, Finite Element Method, Wavenumber-Frequency Domain, Vibration Mitigation},
  language  = {en},
}

@Book{Gross2023,
  author    = {Gross, Dietmar and Hauger, Werner and Schnell, Walter and Wriggers, Peter},
  title     = {Technische Mechanik / Dietmar Gross, Werner Hauger, Peter Wriggers 4 Hydromechanik, Elemente der höheren Mechanik, numerische Methoden},
  year      = {2023},
  edition   = {11. Auflage},
  isbn      = {9783662665237},
  series    = {Springer Lehrbuch},
  booktitle = {Technische Mechanik 4 Hydromechanik, Elemente der höheren Mechanik, numerische Methoden},
  keywords  = {Hydromechanik / Elastizitätstheorie / Baustatik / Mechanik / Festigkeitslehre / Numerisches Verfahren},
  language  = {ger},
}

@Article{Willett1998,
  author  = {Willett, Peter and Barnard, John M. and Downs, Geoffrey M.},
  journal = {Journal of Chemical Information and Computer Sciences},
  title   = {Chemical Similarity Searching},
  year    = {1998},
  month   = nov,
  number  = {6},
  pages   = {983--996},
  volume  = {38},
  doi     = {10.1021/ci9800211},
}

@PhdThesis{Freisinger2022,
  author  = {Julian Maria Freisinger},
  school  = {Technische Universität München},
  title   = {Harmonic and transient three-dimensional Structure-Soil-Structure-Interaction applying a coupled ITM-FEM approach},
  year    = {2022},
  journal = {Dissertation},
}

@Book{Kausel2006,
  author    = {Kausel, Eduardo},
  publisher = {Cambridge University Press},
  title     = {Fundamental Solutions in Elastodynamics: A Compendium},
  year      = {2006},
  place     = {Cambridge},
}

@Book{Wolf1985,
  author = {John P. Wolf},
  title  = {Dynamic soil-structure interaction},
  year   = {1985},
  isbn   = {0-13-221565-9},
}

@Book{Petersen2000,
  author    = {Christian Petersen},
  publisher = {Vieweg+Teubner Verlag Wiesbaden},
  title     = {Dynamik der Baukonstruktionen},
  year      = {2000},
  edition   = {1},
  isbn      = {978-3-322-80314-6},
}

@Comment{jabref-meta: databaseType:bibtex;}
