@PhdThesis{Fruehe2011,
  author = {Georg Frühe},
  school = {Technische Universität München},
  title  = {Überlagerung von Grundlösungen in der Elastodynamik zur Behandlung der dynamischenTunnel-Boden-Bauwerk-Interaktion},
  year   = {2011},
}

@Misc{Mueller2025,
  author       = {Gerhard Müller},
  howpublished = {Modulskript, TUM Lehrstuhl für Baumechanik},
  note         = {Nur für Studierende zugänglich},
  title        = {Integral Transform Methods},
  year         = {2025},
}

@Misc{Müller u. Taddei 2023,
  author       = {Gerhard Müller and Francesca Taddei},
  howpublished = {Modulskript, TUM Lehrstuhl für Baumechanik},
  note         = {Nur für Studierende zugänglich},
  title        = {Soil Vibrations – Emission, Propagation, Immission, Abatement},
  year         = {2023},
}

@Comment{jabref-meta: databaseType:bibtex;}
