@PhdThesis{Fruehe2010,
  author  = {Georg Frühe},
  title   = {Überlagerung von Grundlösungen in der Elastodynamik zur Behandlung der dynamischenTunnel-Boden-Bauwerk-Interaktion},
  year    = {2010},
  journal = {Dissertation},
}

@PhdThesis{Freisinger2022,
  author  = {Julian Maria Freisinger},
  title   = {Harmonic and transient three-dimensional Structure-Soil_streucture_interaction applying a coupled ITM-FEM approach},
  year    = {2022},
  journal = {Dissertation},
}

@PhdThesis{Hackenberg2016,
  author = {Manuela Hackenberg},
  title  = {A Coupled Integral Transform Method - Finite Element Method Approach to Model the Soil-Structure-Interaction},
  year   = {2016},
}

@Article{Lame1852,
  author = {Gabriel Lamé},
  title  = {Lecons sur la Théorie Mathématique de l’Elasticité des Corps Solides},
  year   = {1852},
}

@Article{Haupt1986,
  author = {Wolfgang Haupt},
  title  = {Bodendynamik: Grundlagen und Anwendung},
  year   = {1986},
}

@Comment{jabref-meta: databaseType:bibtex;}
