% Encoding: windows-1252

@BOOK{Stroud1966,
  title = {Gaussian Quadrature Forulas},
  publisher = {Prentice Hall},
  year = {1966},
  author = {A. H. Stroud and Don Secrest},
  owner = {admin},
  timestamp = {2008.04.09}
}

@BOOK{Sturm2010,
  title = {LaTeX - Einführung in das Textsatzsystem},
  publisher = {Regionales Rechenzentrum für Niedersachsen},
  year = {2010},
  author = {Thomas F. Sturm},
  edition = {7},
  owner = {Johannes},
  timestamp = {2011.12.06}
}

@Book{Unknown2018,
  title     = {Me Myself and I},
  publisher = {Unknown},
  year      = {2018},
  author    = {Unknown},
}

@PhdThesis{Mueller1989,
  author = {Müller, Gerhard},
  title  = {Ein Verfahren zur Erfassung der Fundament-Boden Wechselwirkung unter Einwirkung periodischer Lasten},
  school = {Technische Universität München},
  year   = {1989},
}

@PhdThesis{Hackenberg2016,
	author = {Manuela Hackenberg},
	title  = {A Coupled Integral Transform Method - Finite Element Method Approach to Model the Soil-Structure-Interaction},
	year   = {2016},
}

@PhdThesis{Fruehe2010,
	author  = {Georg Frühe},
	school  = {Technische Universität München},
	title   = {Überlagerung von Grundlösungen in der Elastodynamik zur Behandlung der dynamischen Tunnel-Boden-Bauwerk-Interaktion},
	year    = {2010},
	journal = {Dissertation},
}
@Comment{jabref-meta: databaseType:bibtex;}
